<record><leader>00000cas a22000007a 4500</leader><controlfield tag="001">20952595</controlfield><controlfield tag="008">900124d19171917couwr ne      0    0eng d</controlfield><datafield ind1=" " ind2=" " tag="010"><subfield code="a">sn 90051018 </subfield></datafield><datafield ind1=" " ind2=" " tag="040"><subfield code="a">CNQ</subfield><subfield code="b">eng</subfield><subfield code="c">CNQ</subfield><subfield code="d">OCLCQ</subfield></datafield><datafield ind1=" " ind2=" " tag="042"><subfield code="a">msc</subfield></datafield><datafield ind1="0" ind2="4" tag="245"><subfield code="a">The enterprise combined with the gazette.</subfield></datafield><datafield ind1="1" ind2="7" tag="246"><subfield code="a">La Jara enterprise</subfield></datafield><datafield ind1="3" ind2="0" tag="246"><subfield code="a">La Jara gazette and La Jara enterprise</subfield></datafield><datafield ind1=" " ind2=" " tag="260"><subfield code="a">La Jara, Conejos County, Colo. :</subfield><subfield code="b">J.W. Sargent</subfield></datafield><datafield ind1=" " ind2=" " tag="300"><subfield code="a">v.</subfield></datafield><datafield ind1=" " ind2=" " tag="310"><subfield code="a">Weekly</subfield></datafield><datafield ind1="0" ind2=" " tag="362"><subfield code="a">7th year, no. 31 (Jan. 5, 1917)-7th year, no. 31 (Jan. 5, 1917) called also gazette 1st year, no. 34.</subfield></datafield><datafield ind1=" " ind2=" " tag="530"><subfield code="a">Available on microfilm from the Colorado Historical Society.</subfield></datafield><datafield ind1=" " ind2=" " tag="752"><subfield code="a">United States</subfield><subfield code="b">Colorado</subfield><subfield code="c">Conejos</subfield><subfield code="d">La Jara.</subfield></datafield><datafield ind1="0" ind2="4" tag="780"><subfield code="t">Jara enterprise</subfield><subfield code="w">(DLC)sn 90051016</subfield></datafield><datafield ind1="0" ind2="4" tag="780"><subfield code="t">Jara gazette</subfield><subfield code="w">(DLC)sn 90051017</subfield></datafield><datafield ind1="0" ind2="0" tag="785"><subfield code="t">Jara gazette and La Jara enterprise</subfield><subfield code="w">(DLC)sn 90051028</subfield></datafield></record>